% BIBLIOGRAPHY %

@book{azzalini01,
	Address = {Milano},
	Author = {Adelchi Azzalini},
	Keywords = {azzalini},
	Publisher = {Springer-Verlag Italia},
	Title = {Inferenza Statistica. Una Presentazione Basata sul Concetto di Verosimiglianza},
	Year = {2001}}

@article{bart53,
	Author = {M. S. Bartlett},
	Journal = {Biometrika},
	Keywords = {severini},
	Pages = {306-317},
	Title = {Approximate confidence intervals. {II}. {M}ore than one unknown parameter.},
	Volume = {40},
	Year = {1953}}

@techreport{dicicciostern93,
	Address = {Stanford University},
	Author = {T. J. DiCiccio and S. E. Stern},
	Institution = {Department of Statistics},
	Keywords = {diciccio and stern},
	Title = {An adjustment to profile likelihood based on observed information},
	Year = {1993}}

@Manual{brglm2,
	title = {\emph{\texttt{brglm2}}: Estimation and inference for generalized linear models using explicit and implicit methods for bias reduction},
	author = {Ioannis Kosmidis},
	year = {2016},
	note = {\newline\texttt{https://github.com/ikosmidis/brglm2}},
}

@book{staf92,
	title={Symbolic Computation and the Comparison of Traditional and Robust Test Statistics \emph{(unpublished doctoral dissertation)}},
	editor = {},
	author={Stafford, James Edmond},
	year={1992},
	publisher={University of Toronto, Canada}
}
